@article{brodbeck2018neural,
	title={Neural source dynamics of brain responses to continuous stimuli: Speech processing from acoustics to comprehension},
	author={Brodbeck, Christian and Presacco, Alessandro and Simon, Jonathan Z},
	journal={NeuroImage},
	volume={172},
	pages={162--174},
	year={2018},
	publisher={Elsevier}
}
@article{castro2020validating,
	title={Validating theta power as an objective measure of cognitive load in educational video},
	author={Castro-Meneses, Leidy J and Kruger, Jan-Louis and Doherty, Stephen},
	journal={Educational Technology Research and Development},
	volume={68},
	number={1},
	pages={181--202},
	year={2020},
	publisher={Springer}
}
@article{delorme2004eeglab,
	title={EEGLAB: an open source toolbox for analysis of single-trial EEG dynamics including independent component analysis},
	author={Delorme, Arnaud and Makeig, Scott},
	journal={Journal of neuroscience methods},
	volume={134},
	number={1},
	pages={9--21},
	year={2004},
	publisher={Elsevier}
}
@article{latifzadeh2020evaluating,
	title={Evaluating cognitive load of multimedia learning by eye-tracking data analysis},
	author={Latifzadeh, K and Amiri, SH and Bosaghzadeh, A and Rahimi, M and Ebrahimpour, R},
	journal={Technology of Education Journal (TEJ)},
	volume={15},
	number={1},
	pages={33--50},
	year={2020},
	publisher={Shahid Rajaee Teacher Training University}
}
@article{salmon1996regional,
	title={Regional brain activity during working memory tasks},
	author={Salmon, Eric and Van der Linden, Martial and Collette, Fabienne and Delfiore, Guy and Maquet, Pierre and Degueldre, Christian and Luxen, Andr{\'e} and Franck, Georges},
	journal={Brain},
	volume={119},
	number={5},
	pages={1617--1625},
	year={1996},
	publisher={Oxford University Press}
}
@article{yan2009spontaneous,
	title={Spontaneous brain activity in the default mode network is sensitive to different resting-state conditions with limited cognitive load},
	author={Yan, Chaogan and Liu, Dongqiang and He, Yong and Zou, Qihong and Zhu, Chaozhe and Zuo, Xinian and Long, Xiangyu and Zang, Yufeng},
	journal={PloS one},
	volume={4},
	number={5},
	pages={e5743},
	year={2009},
	publisher={Public Library of Science}
}
@article{paas2003cognitive,
  title={Cognitive load measurement as a means to advance cognitive load theory},
  author={Paas, Fred and Tuovinen, Juhani E and Tabbers, Huib and Van Gerven, Pascal WM},
  journal={Educational psychologist},
  volume={38},
  number={1},
  pages={63--71},
  year={2003},
  publisher={Taylor \& Francis}
}