@article{scikit-learn,
	title={Scikit-learn: Machine Learning in {P}ython},
	author={Pedregosa, F. and Varoquaux, G. and Gramfort, A. and Michel, V.
	and Thirion, B. and Grisel, O. and Blondel, M. and Prettenhofer, P.
	and Weiss, R. and Dubourg, V. and Vanderplas, J. and Passos, A. and
	Cournapeau, D. and Brucher, M. and Perrot, M. and Duchesnay, E.},
	journal={Journal of Machine Learning Research},
	volume={12},
	pages={2825--2830},
	year={2011}
}
@misc{ github:HW4,
	author = "{Amirhosein Asadi}",
	title = "implementation of HW4",
	year = "2021",
	howpublished = "\url{https://github.com/amirasaadi/PR399_DBSCAN}",
	note = "[Online; accessed 13-February-2021]"
}
@misc{ kdnuggetsDBSCAN,
	title = "DBSCAN Clustering Algorithm in Machine Learning",
	author = "Nagesh Singh Chauhan",
	year = "2020",
	howpublished = "\url{https://www.kdnuggets.com/2020/04/dbscan-clustering-algorithm-machine-learning.html}"
}
@inproceedings{ester1996density,
	title={A density-based algorithm for discovering clusters in large spatial databases with noise.},
	author={Ester, Martin and Kriegel, Hans-Peter and Sander, J{\"o}rg and Xu, Xiaowei and others},
	booktitle={Kdd},
	volume={96},
	number={34},
	pages={226--231},
	year={1996}
}
@misc{ enwiki:1005655155,
	author = "{Wikipedia contributors}",
	title = "Cluster analysis --- {Wikipedia}{,} The Free Encyclopedia",
	year = "2021",
	howpublished = "\url{https://en.wikipedia.org/w/index.php?title=Cluster_analysis&oldid=1005655155}",
	note = "[Online; accessed 12-February-2021]"
}
@article{filipovych2011semi,
	title={Semi-supervised cluster analysis of imaging data},
	author={Filipovych, Roman and Resnick, Susan M and Davatzikos, Christos},
	journal={NeuroImage},
	volume={54},
	number={3},
	pages={2185--2197},
	year={2011},
	publisher={Elsevier}
}
@article{tou1974pattern,
	title={Pattern recognition principles},
	author={Tou, Julius T and Gonzalez, Rafael C},
	year={1974}
}
@misc{ howell1,
	title = "Howell1",
	year = "2012",
	howpublished = "\url{https://github.com/rmcelreath/rethinking/blob/master/data/Howell1.csv}",
	note = "[Online; accessed 10-December-2020]"
}
@misc{ cdc,
	title = "Centers for Disease Control and Prevention",
	year = "2015",
	howpublished = "\url{https://cdc.gov}"
}
@book{MATLAB:2019,
	year = {2019},
	author = {MATLAB},
	title = {9.7.0.1190202 (R2019a)},
	publisher = {The MathWorks Inc.},
	address = {Natick, Massachusetts}
}